@phdthesis{Nyrud2017a,
    title = {{BizDev Teams in Agile Software Development}},
    year = {2017},
    author = {Nyrud, Helga},
    school = {UNIVERSITY OF OSLO}
}

@inproceedings{Lin2016a,
    title = {{Why Developers Are Slacking Off: Understanding How Software Teams Use Slack}},
    year = {2016},
    booktitle = {Proceedings of the 19th ACM Conference on Computer Supported Cooperative Work and Social Computing Companion - CSCW '16 Companion},
    author = {Lin, Bin and Zagalsky, Alexey E. and Storey, Margaret-Anne and Serebrenik, Alexander},
    pages = {333--336},
    url = {http://dl.acm.org/citation.cfm?doid=2818052.2869117},
    isbn = {9781450339506},
    doi = {10.1145/2818052.2869117}
}

@incollection{Berg2006,
    title = {{Snowball Sampling-I}},
    year = {2006},
    booktitle = {Encyclopedia of Statistical Sciences},
    author = {Berg, Sven},
    month = {8},
    publisher = {John Wiley {\&} Sons, Inc.},
    url = {http://doi.wiley.com/10.1002/0471667196.ess2478.pub2},
    address = {Hoboken, NJ, USA},
    isbn = {9780471667193},
    doi = {10.1002/0471667196.ess2478.pub2}
}

@book{MadonShirinandKrishna2017,
    title = {{DIGITAL CHALLENGE information technology in the development context.}},
    year = {2017},
    author = {Madon, Shirin and Krishna, S},
    publisher = {ROUTLEDGE},
    url = {https://books.google.no/books?hl=en&lr=&id=5PhKDwAAQBAJ&oi=fnd&pg=PT356&dq=Globalization+recent+years&ots=RMhiMzaxY7&sig=eX3WgtZNtM-J0pgnc03vmIAzWuc&redir_esc=y#v=onepage&q=Globalization recent years&f=false},
    isbn = {1351768654}
}

@article{Sarfraz2016,
    title = {{Agile Practicing and Outsourcing}},
    year = {2016},
    author = {Sarfraz, Muhammad and Ramzan, Maria and Rasheed, Akhter and Ali, Fateh},
    number = {6},
    pages = {641--648},
    volume = {14}
}

@inproceedings{Ferguson2004,
    title = {{Offshore outsourcing: current conditions {\&}amp; diagnosis}},
    year = {2004},
    booktitle = {Proceedings of the 35th SIGCSE technical symposium on Computer science education  - SIGCSE '04},
    author = {Ferguson, Ernest and Kussmaul, Clifton and McCracken, Daniel D. and Robbert, Mary Ann and Ferguson, Ernest and Kussmaul, Clifton and McCracken, Daniel D. and Robbert, Mary Ann},
    number = {1},
    pages = {330},
    volume = {36},
    publisher = {ACM Press},
    url = {http://portal.acm.org/citation.cfm?doid=971300.971415},
    address = {New York, New York, USA},
    isbn = {1581137982},
    doi = {10.1145/971300.971415}
}

@article{Casey2005,
    title = {{Virtual software teams: overcoming the obstacles}},
    year = {2005},
    journal = {3rd World Congress on Software Quality},
    author = {Casey, Valentine and Richardson, Ita},
    url = {https://ulir.ul.ie/handle/10344/2616}
}

@article{Herbsleb2001a,
    title = {{Global software development}},
    year = {2001},
    journal = {IEEE Software},
    author = {Herbsleb, J.D. and Moitra, D.},
    number = {2},
    pages = {16--20},
    volume = {18},
    url = {http://ieeexplore.ieee.org/document/914732/},
    doi = {10.1109/52.914732},
    issn = {07407459}
}

@article{Kirkman2004,
    title = {{THE IMPACT OF TEAM EMPOWERMENT ON VIRTUAL TEAM PERFORMANCE : THE MODERATING ROLE OF FACE-TO-FACE INTERACTION University of North Carolina at Chapel Hill}},
    year = {2004},
    author = {Kirkman, Bradley L and Gibson, Cristina B},
    number = {2},
    pages = {175--192},
    volume = {47}
}

@inproceedings{Nyrud2017b,
    title = {{Inter-team coordination mechanisms in large-scale agile}},
    year = {2017},
    booktitle = {Proceedings of the XP2017 Scientific Workshops},
    author = {Nyrud, Helga and Stray, Viktoria},
    pages = {1--6},
    publisher = {ACM Press},
    url = {http://dl.acm.org/citation.cfm?doid=3120459.3120476},
    address = {Cologne, Germany},
    isbn = {9781450352642},
    doi = {10.1145/3120459.3120476}
}

@inproceedings{Stray2017a,
    title = {{Are daily stand-up meetings valuable? A survey of developers in software teams}},
    year = {2017},
    booktitle = {International Conference on Agile Software Development},
    author = {Stray, Viktoria and Moe, Nils Brede and Bergersen, Gunnar R.},
    month = {5},
    pages = {274--281},
    volume = {283},
    publisher = {Springer, Cham},
    url = {http://link.springer.com/10.1007/978-3-319-57633-6_20},
    isbn = {9783319576329},
    doi = {10.1007/978-3-319-57633-6{\_}20},
    issn = {18651348}
}

@inproceedings{Bai2016,
    title = {{A Cost-benefit Evaluation of Accessibility Testing in Agile Software Development}},
    year = {2016},
    booktitle = {The Eleventh International Conference on Software Engineering Advances A},
    author = {Bai, Aleksander and Mork, Heidi Camilla and Stray, Viktoria},
    number = {August},
    isbn = {9781612084985},
    keywords = {Agile software development, Cost-benefit analysis, Usability, —Accessibility testing}
}

@inproceedings{Stray2016a,
    title = {{Exploring norms in agile software teams}},
    year = {2016},
    booktitle = {International Conference on Product-Focused Software Process Improvement},
    author = {Stray, Viktoria and F{\ae}gri, Tor Erlend and Moe, Nils Brede},
    month = {11},
    pages = {458--467},
    volume = {10027 LNCS},
    publisher = {Springer, Cham},
    url = {http://link.springer.com/10.1007/978-3-319-49094-6_31},
    isbn = {9783319490939},
    doi = {10.1007/978-3-319-49094-6{\_}31},
    issn = {16113349},
    pmid = {4520227},
    arxivId = {9780201398298},
    keywords = {Behavioral software engineering, Collaboration, Group norms, Self-managing teams, Team values}
}

@article{Faegri2016a,
    title = {{Shared knowledge in virtual software teams: A preliminary framework}},
    year = {2016},
    journal = {11th International Conference on Global Software Engineering},
    author = {Faegri, Tor Erlend and Stray, Viktoria and Moe, Nils Brede},
    number = {April},
    month = {8},
    pages = {174--178},
    volume = {114},
    publisher = {IEEE},
    url = {http://ieeexplore.ieee.org/document/7577435/},
    isbn = {9781509026807},
    doi = {10.1109/ICGSE.2016.22},
    issn = {2329-6313},
    keywords = {agile, distributed agile, globally distributed teams, shared mental models, shared team knowledge, virtual teams}
}

@article{Stray2016c,
    title = {{The daily stand-up meeting: A grounded theory study}},
    year = {2016},
    journal = {Journal of Systems and Software},
    author = {Stray, Viktoria and Sj{\o}berg, Dag I.K. and Dyb{\aa}, Tore},
    month = {4},
    pages = {101--124},
    volume = {114},
    publisher = {Elsevier},
    url = {https://www.sciencedirect.com/science/article/pii/S0164121216000066},
    doi = {10.1016/j.jss.2016.01.004},
    issn = {01641212},
    keywords = {Agile software development, Daily Scrum meeting, Daily meeting}
}

@inproceedings{Stray2013,
    title = {{Obstacles to efficient daily meetings in agile development projects: A case study}},
    year = {2013},
    booktitle = {IEEE International Symposium on Empirical Software Engineering and Measurement},
    author = {Stray, Viktoria Gulliksen and Lindsjorn, Yngve and Sjoberg, Dag I.K.},
    month = {10},
    pages = {95--102},
    publisher = {IEEE},
    url = {http://ieeexplore.ieee.org/document/6681342/},
    address = {Baltimore, MD, USA},
    isbn = {978-0-7695-5056-5},
    doi = {10.1109/ESEM.2013.30},
    issn = {19493770},
    keywords = {Daily Scrum, agile software development, collaboration, communication, coordination, stand-up meetings}
}

@inproceedings{Stray2012a,
    title = {{Investigating daily team meetings in agile software projects}},
    year = {2012},
    booktitle = {38th Euromicro Conference on Software Engineering and Advanced Applications},
    author = {Stray, Viktoria Gulliksen and Moe, Nils Brede and Aurum, Aybüke},
    month = {9},
    pages = {274--281},
    publisher = {IEEE},
    url = {http://ieeexplore.ieee.org/document/6328161/},
    address = {Cesme, Izmir, Turkey},
    isbn = {9780769547909},
    doi = {10.1109/SEAA.2012.16},
    issn = {1089-6503},
    keywords = {Scrum, agile software development, case study, communication, coordination, daily meeting, decision-making, software engineering, stand-up meeting}
}

@inproceedings{Stray2012,
    title = {{Escalation of Commitment: A Longitudinal Case Study of Daily Meetings}},
    year = {2012},
    booktitle = {Agile Processes in Software Engineering and Extreme Programming. XP 2012. Lecture Notes in Business Information Processing},
    author = {Stray, Viktoria Gulliksen and Moe, Nils Brede and Dyb{\aa}, Tore},
    pages = {153--167},
    publisher = {Springer, Berlin, Heidelberg},
    url = {http://link.springer.com/10.1007/978-3-642-30350-0_11},
    doi = {10.1007/978-3-642-30350-0{\_}11}
}

@inproceedings{GulliksenStray2011,
    title = {{Challenges to Teamwork: A Multiple Case Study of Two Agile Teams}},
    year = {2011},
    booktitle = {Agile Processes in Software Engineering and Extreme Programming. XP 2011. Lecture Notes in Business Information Processing},
    author = {Stray, Viktoria and Moe, Nils Brede and Dings{\o}yr, Torgeir},
    pages = {146--161},
    publisher = {Springer, Berlin, Heidelberg},
    url = {http://link.springer.com/10.1007/978-3-642-20677-1_11},
    doi = {10.1007/978-3-642-20677-1{\_}11}
}

@techreport{MicrosoftCorporation2013,
    title = {{Microsoft survey on enterprise social use and perceptions}},
    year = {2013},
    author = {{Microsoft Corporation}},
    pages = {1--4},
    url = {http://www.microsoft.com/en-us/news/download/presskits/enterprisesocial/docs/escresearchsumppt.pdf}
}

@techreport{Chui2012,
    title = {{The social economy: Unlocking value and productivity through social technologies}},
    year = {2012},
    booktitle = {McKinsey Global Institute},
    author = {Chui, M and Manyika, J and Bughin, J and Dobbs, R and Roxburgh, C and Sarrazin, H and Sands, G and Westergren, M},
    number = {July},
    pages = {1--18},
    isbn = {0985564717},
    doi = {10.1007/s11002-013-9246-1},
    issn = {0985564717}
}

@book{Ghauri2010,
    title = {{Research Methods in Business Studies: A Practical Guide}},
    year = {2010},
    author = {Ghauri, Pervez N. and Gr{\o}nhaug, Kjell},
    pages = {265},
    publisher = {Financial Times Prentice Hall},
    isbn = {9780273712046}
}

@article{Herbsleb2003,
    title = {{An empirical study of speed and communication in globally distributed software development}},
    year = {2003},
    journal = {IEEE Transactions on Software Engineering},
    author = {Herbsleb, James D. and Mockus, Audris},
    number = {6},
    pages = {481--494},
    volume = {29},
    isbn = {00985589},
    doi = {10.1109/TSE.2003.1205177},
    issn = {00985589},
    pmid = {22030425},
    keywords = {Awareness, Collaboration, Delay, Global development, Informal communication, Speed}
}

@article{Baltar2012,
    title = {{Social research 2.0: virtual snowball sampling method using Facebook}},
    year = {2012},
    journal = {Internet Research},
    author = {Baltar, Fabiola and Brunet, Ignasi},
    number = {1},
    pages = {57--74},
    volume = {22},
    url = {http://www.emeraldinsight.com/doi/10.1108/10662241211199960},
    isbn = {1066-2243},
    doi = {10.1108/10662241211199960},
    issn = {1066-2243},
    pmid = {42012058},
    arxivId = {A luxury brand management framework built from historical review and case study analysis}
}

@inproceedings{Dorairaj2011,
    title = {{Effective Communication in Distributed Agile Software Development Teams}},
    year = {2011},
    booktitle = {Agile Processes in Software Engineering and Extreme Programming. XP 2011},
    author = {Dorairaj, Siva and Noble, James and Malik, Petra},
    pages = {102--116},
    publisher = {Springer, Berlin, Heidelberg},
    url = {http://link.springer.com/10.1007/978-3-642-20677-1_8},
    doi = {10.1007/978-3-642-20677-1{\_}8}
}

@article{Ibrahim2015,
    title = {{Information {\&} Management Empirical Studies of Geographically Distributed Agile Development Communication Challenges : A Systematic Review}},
    year = {2015},
    journal = {Information {\&} Management},
    author = {Ibrahim, Yehia and Qumer, Asif and Al-ani, Ahmed},
    pages = {22--37},
    volume = {53},
    publisher = {Elsevier B.V.},
    url = {http://dx.doi.org/10.1016/j.im.2015.08.003},
    isbn = {0378-7206},
    doi = {10.1016/j.im.2015.08.003},
    issn = {0378-7206}
}

@article{Karis2016,
    title = {{Improving remote collaboration with video conferencing and video portals}},
    year = {2016},
    journal = {Human-Computer Interaction},
    author = {Karis, Demetrios and Wildman, Daniel and Man{\'{e}}, Amir},
    number = {1},
    pages = {1--58},
    volume = {31},
    isbn = {07370024 (ISSN)},
    doi = {10.1080/07370024.2014.921506},
    issn = {07370024}
}

@article{Marlow2016,
    title = {{Beyond Talking Heads: Multimedia Artifact Creation, Use, and Sharing in Distributed Meetings}},
    year = {2016},
    journal = {Proceedings of the 19th ACM Conference on Computer-Supported Cooperative Work {\&} Social Computing - CSCW '16},
    author = {Marlow, Jennifer and Carter, Scott A and Good, Nathaniel and Chen, Jung-Wei},
    pages = {1701--1713},
    url = {http://dl.acm.org/citation.cfm?doid=2818048.2819958},
    isbn = {9781450335928},
    doi = {10.1145/2818048.2819958}
}

@article{Curtis1988,
    title = {{A field study of the software design process for large systems}},
    year = {1988},
    journal = {Communications of the ACM},
    author = {Curtis, Bill and Krasner, Herb and Iscoe, Neil},
    number = {11},
    month = {11},
    pages = {1268--1287},
    volume = {31},
    publisher = {ACM},
    url = {http://portal.acm.org/citation.cfm?doid=50087.50089},
    isbn = {0001-0782},
    doi = {10.1145/50087.50089},
    issn = {00010782},
    pmid = {468}
}

@misc{Williams2015,
    title = {{What is and how to use Slack: the ultimate guide to doing anything.}},
    year = {2015},
    booktitle = {thenextweb.com},
    author = {Williams, Owen},
    url = {https://thenextweb.com/insider/2015/08/11/the-ultimate-guide-to-doing-anything-in-slack/}
}

@article{Hinds2005,
    title = {{Understanding Conflict in Geographically Distributed Teams: The Moderating Effects of Shared Identity, Shared Context, and Spontaneous Communication}},
    year = {2005},
    journal = {Organization Science},
    author = {Hinds, Pamela J.},
    number = {3},
    month = {6},
    pages = {290--307},
    volume = {16},
    publisher = {INFORMS},
    url = {http://pubsonline.informs.org/doi/abs/10.1287/orsc.1050.0122},
    doi = {10.1287/orsc.1050.0122},
    issn = {1047-7039},
    keywords = {conflict, distributed teams, distributed work, shared context, shared identity, team communication}
}

@article{Mortensen2001,
    title = {{CONFLICT AND SHARED IDENTITY IN GEOGRAPHICALLY DISTRIBUTED TEAMS}},
    year = {2001},
    journal = {International Journal of Conflict Management},
    author = {Mortensen, Mark},
    number = {3},
    month = {3},
    pages = {212--238},
    volume = {12},
    publisher = {MCB UP Ltd},
    url = {http://www.emeraldinsight.com/doi/10.1108/eb022856},
    doi = {10.1108/eb022856},
    issn = {1044-4068}
}

@book{Lipnack1997,
    title = {{Virtual teams : reaching across space, time, and organizations with technology}},
    year = {1997},
    author = {Lipnack, Jessica. and Stamps, Jeffrey.},
    pages = {262},
    publisher = {Wiley},
    isbn = {0471165530}
}

@misc{Joinson2002,
    title = {{Workplace Trends: Managing Virtual Teams}},
    year = {2002},
    booktitle = {HR Magazine},
    author = {Joinson, Carla},
    url = {https://www.shrm.org/hr-today/news/hr-magazine/pages/0602joinson.aspx}
}

@article{Snyder2003,
    title = {{Teams that span time zones face new work rules}},
    year = {2003},
    journal = {Stanford Business Magazine},
    author = {Snyder, Bill},
    volume = {11},
    url = {https://scholar.googleusercontent.com/scholar.bib?q=info:8vkY2I-xQHUJ:scholar.google.com/&output=citation&scisig=AAGBfm0AAAAAWwgL5V9IYY2ysl2nQgxKXMPaxG26VqEI&scisf=4&ct=citation&cd=-1&hl=en}
}

@article{Hertel2004,
    title = {{Managing distance by interdependence: Goal setting, task interdependence, and team-based rewards in virtual teams}},
    year = {2004},
    journal = {European Journal of Work and Organizational Psychology},
    author = {Hertel, Guido and Konradt, Udo and Orlikowski, Borris},
    number = {1},
    month = {3},
    pages = {1--28},
    volume = {13},
    publisher = { Taylor {\&} Francis Ltd },
    url = {http://www.tandfonline.com/doi/abs/10.1080/13594320344000228},
    doi = {10.1080/13594320344000228},
    issn = {1359-432X}
}

@article{Baskerville2007,
    title = {{Activating and Perpetuating Virtual Teams: Now That We're Mobile, Where Do We Go?}},
    year = {2007},
    journal = {IEEE Transactions on Professional Communication},
    author = {Baskerville, Richard and Nandhakumar, Joe},
    number = {1},
    month = {3},
    pages = {17--34},
    volume = {50},
    url = {http://ieeexplore.ieee.org/document/4118368/},
    doi = {10.1109/TPC.2006.890849},
    issn = {0361-1434}
}

@inproceedings{Bergiel2007,
    title = {{The reality of virtual teams}},
    year = {2007},
    booktitle = {Competition Forum},
    author = {Bergiel, Blaise and Bergiel, Erich and Balsmeier, Phillip},
    pages = {427},
    publisher = {American Society for Competitiveness},
    url = {https://scholar.googleusercontent.com/scholar.bib?q=info:0pJwMQhUxgIJ:scholar.google.com/&output=citation&scisig=AAGBfm0AAAAAWwgXbKYgXIrgYk5bJF6VhTXqDjmZfhHU&scisf=4&ct=citation&cd=-1&hl=en}
}

@article{Bergiel2008,
    title = {{Nature of virtual teams: a summary of their advantages and disadvantages}},
    year = {2008},
    journal = {Management Research News},
    author = {Bergiel, Blaise J. and Bergiel, Erich B. and Balsmeier, Phillip W.},
    number = {2},
    pages = {99--110},
    volume = {31},
    url = {http://www.emeraldinsight.com/doi/10.1108/01409170810846821},
    isbn = {0140-9174},
    doi = {10.1108/01409170810846821},
    issn = {0140-9174},
    pmid = {28260407},
    arxivId = {http://dx.doi.org/10.1108/BIJ-10-2012-0068}
}

@article{Hinds2003,
    title = {{Out of Sight, Out of Sync: Understanding Conflict in Distributed Teams}},
    year = {2003},
    journal = {Organization Science},
    author = {Hinds, Pamela J. and Bailey, Diane E.},
    number = {6},
    month = {12},
    pages = {615--632},
    volume = {14},
    publisher = { INFORMS },
    url = {http://pubsonline.informs.org/doi/abs/10.1287/orsc.14.6.615.24872},
    doi = {10.1287/orsc.14.6.615.24872},
    issn = {1047-7039},
    keywords = {Conflict, Distributed Teams, Distributed Work, Virtual Teams}
}

@article{Hinds2005a,
    title = {{Understanding Conflict in Geographically Distributed Teams: The Moderating Effects of Shared Identity, Shared Context, and Spontaneous Communication}},
    year = {2005},
    journal = {Organization Science},
    author = {Hinds, Pamela J. and Mortensen, Mark},
    number = {3},
    month = {6},
    pages = {290--307},
    volume = {16},
    url = {http://pubsonline.informs.org/doi/abs/10.1287/orsc.1050.0122},
    isbn = {1047-7039},
    doi = {10.1287/orsc.1050.0122},
    issn = {1047-7039},
    pmid = {466}
}

@article{DeRosa2004,
    title = {{Trust and leadership in virtual teamwork: A media naturalness perspective}},
    year = {2004},
    journal = {Human Resource Management},
    author = {DeRosa, Darleen M. and Hantula, Donald A. and Kock, Ned and D'Arcy, John},
    number = {2-3},
    month = {22},
    pages = {219--232},
    volume = {43},
    publisher = {Wiley-Blackwell},
    url = {http://doi.wiley.com/10.1002/hrm.20016},
    doi = {10.1002/hrm.20016},
    issn = {0090-4848}
}

@article{Kiesler2002,
    title = {{What do we know about proximity and distance in work groups? A legacy of research}},
    year = {2002},
    author = {Kiesler, Sara and Cummings, Jonathon N},
    publisher = {MIT Press},
    url = {http://citeseerx.ist.psu.edu/viewdoc/download?doi=10.1.1.620.7087&rep=rep1&type=pdf}
}

@article{Dingsyr2018,
    title = {{Coordinating Knowledge Work in Multi-Team Programs: Findings from a Large-Scale Agile Development Program}},
    year = {2018},
    author = {Dings{\o}yr, Torgeir and Moe, Nils Brede and Seim, Eva Amdahl},
    month = {1},
    url = {http://arxiv.org/abs/1801.08764},
    arxivId = {1801.08764}
}

@article{Hassell2016,
    title = {{The Message is More than the Medium: A Study of Media Theories and Impacts}},
    year = {2016},
    author = {Hassell, Martin D},
    url = {https://pdfs.semanticscholar.org/b899/79368558c3d07d33126ff2f810d83fcd1d12.pdf},
    keywords = {Media synchronicity, communication performance, media richness, virtual teams}
}

@article{Dennis2008,
    title = {{Media, Tasks, and Communication Processes: A Theory of Media Synchronicity}},
    year = {2008},
    journal = {MIS Quarterly},
    author = {Dennis, Alan and Fuller, Robert and Valacich, Joseph and Ghoorba, Sabzi},
    number = {3},
    pages = {575},
    volume = {32},
    publisher = {Management Information Systems Research Center, University of Minnesota},
    url = {https://www.jstor.org/stable/10.2307/25148857},
    doi = {10.2307/25148857},
    issn = {02767783}
}

@article{Leonardi2013,
    title = {{Enterprise social media: Definition, history, and prospects for the study of social technologies in organizations}},
    year = {2013},
    journal = {Journal of Computer-Mediated Communication},
    author = {Leonardi, Paul M. and Huysman, Marleen and Steinfield, Charles},
    number = {1},
    month = {10},
    pages = {1--19},
    volume = {19},
    publisher = {Oxford University Press},
    url = {https://academic.oup.com/jcmc/article/19/1/1-19/4067484},
    isbn = {1083-6101},
    doi = {10.1111/jcc4.12029},
    issn = {10836101},
    pmid = {58460143},
    keywords = {Affordances, Communication, Enterprise Social Media, Organizing, Social Networking, Technology Use, Workplace}
}

@article{Leonardi2014,
    title = {{Social media, knowledge sharing, and innovation: Toward a theory of communication visibility}},
    year = {2014},
    journal = {Information Systems Research},
    author = {Leonardi, Paul M.},
    number = {4},
    month = {12},
    pages = {796--816},
    volume = {25},
    publisher = {INFORMS},
    url = {http://pubsonline.informs.org/doi/abs/10.1287/isre.2014.0536},
    isbn = {1047-7047},
    doi = {10.1287/isre.2014.0536},
    issn = {15265536},
    keywords = {Computer-mediated communication and collaboration, Ethnographic research, Innovation, Knowledge management, Knowledge sharing, Metaknowledge, Social networking}
}

@misc{Lynley2018,
    title = {{Slack hits 8 million daily active users with 3 million paid users}},
    year = {2018},
    booktitle = {Techcrunch},
    author = {Lynley, Matthew},
    url = {https://techcrunch.com/2018/05/08/slack-hits-8-million-daily-active-users-with-3-million-paid-users/?guccounter=1}
}

@misc{Rodriguez2018,
    title = {{Slack adds 1 million paying users amid increasing competition}},
    year = {2018},
    booktitle = {Reuters},
    author = {Rodriguez, Salvador},
    url = {https://www.reuters.com/article/us-slack-users/slack-adds-1-million-paying-users-amid-increasing-competition-idUSKBN1I92N3}
}

@misc{Williams2015a,
    title = {{What is and how to use Slack: the ultimate guide to doing anything.}},
    year = {2015},
    booktitle = {thenextweb.com},
    author = {Williams, Owen},
    url = {https://thenextweb.com/insider/2015/08/11/the-ultimate-guide-to-doing-anything-in-slack/}
}

@article{Malone1988,
    title = {{What is Coordination Theory ?}},
    year = {1988},
    journal = {National Science Foundation Coordination Theory Workshop},
    author = {Malone, Thomas},
    pages = {1--32},
    url = {https://dspace.mit.edu/bitstream/handle/1721.1/2208/SWP-2051-27084940-CISR-182.pdf?sequence=1},
    isbn = {0897914023},
    doi = {10.1145/99332.99367}
}

@article{Malone1994,
    title = {{The interdisciplinary study of coordination}},
    year = {1994},
    journal = {ACM Computing Surveys},
    author = {Malone, Thomas and Crowston, Kevin},
    number = {1},
    month = {3},
    pages = {87--119},
    volume = {26},
    publisher = {ACM},
    url = {http://portal.acm.org/citation.cfm?doid=174666.174668},
    isbn = {0360-0300},
    doi = {10.1145/174666.174668},
    issn = {03600300},
    pmid = {12149047},
    keywords = {computer-supported cooperative work, coordination, coordination science, coordination theory, groupware}
}

@incollection{Deng2007,
    title = {{Organizational Coordination Theory and Its Application in Virtual Enterprise}},
    year = {2007},
    booktitle = {Research and Practical Issues of Enterprise Information Systems II Volume 1},
    author = {Deng, Xiuquan and Chen, Tong and Pan, Dongdi},
    pages = {311--316},
    publisher = {Springer US},
    url = {http://link.springer.com/10.1007/978-0-387-75902-9_32},
    address = {Boston, MA},
    isbn = {978-0-387-75901-2},
    doi = {10.1007/978-0-387-75902-9{\_}32}
}

@inproceedings{Osifo2012,
    title = {{Organization and Coordination}},
    year = {2012},
    booktitle = {PROCEEDINGS OF THE UNIVERSITY OF VAASA},
    author = {Osifo, Charles},
    url = {https://www.univaasa.fi/materiaali/pdf/isbn_978-952-476-390-5.pdf},
    doi = {978–952–476–390–5}
}

@misc{Beuselinck2007,
    title = {{Reforms of Central Government Coordination in OECD-Countries: Culture as Counterforce For Cross-National Unifying Processes?}},
    year = {2007},
    booktitle = {Research in Public Policy Analysis and Management},
    author = {Beuselinck, Eva and Verhoest, Koen and Bouckaert, Geert},
    pages = {77--115},
    volume = {16},
    url = {https://www.emeraldinsight.com/10.1016/S0732-1317(07)16004-8},
    isbn = {0762314001},
    doi = {10.1016/S0732-1317(07)16004-8},
    issn = {07321317}
}

@article{Dietrich2013,
    title = {{Inter-team coordination patterns and outcomes in multi-team projects}},
    year = {2013},
    journal = {Project Management Journal},
    author = {Dietrich, Perttu and Kujala, Jaakko and Artto, Karlos},
    number = {6},
    month = {12},
    pages = {6--19},
    volume = {44},
    publisher = {Wiley-Blackwell},
    url = {http://doi.wiley.com/10.1002/pmj.21377},
    isbn = {9781935589860},
    doi = {10.1002/pmj.21377},
    issn = {87569728},
    pmid = {37276889},
    keywords = {communication, coordination effectiveness, inter-team coordination, program management}
}

@article{Strode2012,
    title = {{Coordination in co-located agile software development projects}},
    year = {2012},
    journal = {Journal of Systems and Software},
    author = {Strode, Diane E. and Huff, Sid L. and Hope, Beverley and Link, Sebastian},
    number = {6},
    month = {6},
    pages = {1222--1238},
    volume = {85},
    publisher = {Elsevier},
    url = {https://www.sciencedirect.com/science/article/pii/S0164121212000465},
    isbn = {0164-1212},
    doi = {10.1016/j.jss.2012.02.017},
    issn = {01641212},
    keywords = {Agile methods, Agile software development project, Coordination Theory, Coordination effectiveness, Coordination strategy, Extreme Programming, Scrum}
}

@article{VanDeVen1976,
    title = {{Determinants of Coordination Modes within Organizations}},
    year = {1976},
    journal = {American Sociological Review},
    author = {Van De Ven, Andrew and Delbecq, Andre and Koenig, Richard},
    number = {2},
    pages = {322--338},
    volume = {41},
    url = {http://www.jstor.org/stable/2094477 .},
    isbn = {00031224},
    doi = {10.2307/2094477},
    issn = {00031224},
    pmid = {707}
}

@article{Mintzberg1980,
    title = {{Structure in 5's: A Synthesis of the Research on Organization Design}},
    year = {1980},
    journal = {Management Science},
    author = {Mintzberg, Henry},
    number = {3},
    month = {3},
    pages = {322--341},
    volume = {26},
    publisher = {INFORMS},
    url = {http://pubsonline.informs.org/doi/abs/10.1287/mnsc.26.3.322},
    isbn = {00251909},
    doi = {10.1287/mnsc.26.3.322},
    issn = {0025-1909},
    pmid = {7361248},
    keywords = {organization design, organization structures}
}

@article{Thompson2014,
    title = {{Organizations in action: Social science bases of administrative theory}},
    year = {1967},
    journal = {Igarss},
    author = {Thompson, James D.},
    number = {1},
    pages = {1--5},
    publisher = {Transaction Publishers},
    url = {https://books.google.no/books?hl=no&lr=&id=8aNwAAAAQBAJ&oi=fnd&pg=PR1&dq=Organizations+in+action:+Social+science+bases+of+administrative+theory.+Transaction+publishers.&ots=s8N49fSVgV&sig=7faRkn8oSD3w-lDYOg5p3l-yWJc&redir_esc=y#v=onepage&q=Organizations i},
    isbn = {9780874216561},
    doi = {10.1007/s13398-014-0173-7.2},
    issn = {0363-7425},
    pmid = {12836288},
    arxivId = {arXiv:1011.1669v3},
    keywords = {high resolution images, research, risks management, sustainable reconstruction}
}

@book{Boos2011,
    title = {{Coordination in Human and Primate Groups}},
    year = {2011},
    author = {Boos, Margarete.},
    pages = {288},
    publisher = {Springer},
    url = {https://books.google.no/books?hl=no&lr=&id=pAgLnWjgdZEC&oi=fnd&pg=PR3&dq=Coordination+in+human+and+primate+groups.+Springer+Science+%26+Business+Media.&ots=rH8ud0bHeW&sig=iqGhxj7QLub4wtu03PzSqmMB3Rg&redir_esc=y#v=onepage&q=Coordination in human and primat},
    isbn = {978-3-642-15354-9},
    doi = {10.1007/978-3-642-15355-6},
    issn = {978-3-642-15354-9},
    pmid = {25246403},
    arxivId = {arXiv:1011.1669v3}
}

@article{Kraut1995a,
    title = {{Coordination in software development}},
    year = {1995},
    journal = {Communications of the ACM},
    author = {Kraut, Robert and Streeter, Lynn},
    number = {3},
    month = {3},
    pages = {69--81},
    volume = {38},
    publisher = {ACM},
    url = {http://portal.acm.org/citation.cfm?doid=203330.203345},
    isbn = {0001-0782},
    doi = {10.1145/203330.203345},
    issn = {00010782},
    pmid = {469},
    arxivId = {arXiv:1011.1669v3}
}

@incollection{Dickenson1997,
    title = {{A Conceptual Framework for Teamwork Measurement}},
    year = {1997},
    booktitle = {Team performance assessment and measurement: Theory, methods, and applications.},
    author = {Dickenson, Terry L. and Mclntyre, Robert M.},
    month = {6},
    pages = {19--43},
    publisher = {Psychology Press},
    url = {https://www.taylorfrancis.com/books/e/9781135693305/chapters/10.4324%2F9781410602053-9},
    isbn = {978-0805826876},
    doi = {10.4324/9781410602053-9},
    pmid = {1636990}
}

@article{DeJong2016,
    title = {{Trust and team performance: A meta-analysis of main effects, moderators, and covariates}},
    year = {2016},
    journal = {Journal of Applied Psychology},
    author = {De Jong, Bart A. and Dirks, Kurt T. and Gillespie, Nicole},
    number = {8},
    pages = {1134--1150},
    volume = {101},
    url = {http://doi.apa.org/getdoi.cfm?doi=10.1037/apl0000110},
    isbn = {9780874216561},
    doi = {10.1037/apl0000110},
    issn = {00219010},
    pmid = {27123697},
    arxivId = {arXiv:1011.1669v3},
    keywords = {Meta-analysis, Performance, Teams, Trust}
}

@article{RoohullahJan2016,
    title = {{Issues in Global Software Development (Communication, Coordination and Trust) A Critical Review}},
    year = {2016},
    author = {Roohullah Jan, Syed and Dad, Faheem and Amin, Nouman and Hameed, Abdul and Saad Ali Shah, Syed},
    number = {2},
    pages = {660--663},
    volume = {2},
    url = {https://s3.amazonaws.com/academia.edu.documents/45821365/1055.pdf?AWSAccessKeyId=AKIAIWOWYYGZ2Y53UL3A&Expires=1527670542&Signature=O6OcyYRZFNgDkDXSB194lk6CkUw%3D&response-content-disposition=inline%3B filename%3DIssues_in_Global_Software_Development_Co.pd},
    keywords = {Geographical Distance, Global Software Development, Socio cultural Distance, Temporal Distance}
}

@article{Kirkman2005,
    title = {{The dimensions and antecedents of team virtuality}},
    year = {2005},
    journal = {Journal of Management},
    author = {Kirkman, Bradley L. and Mathieu, John E.},
    number = {5},
    month = {10},
    pages = {700--718},
    volume = {31},
    publisher = {Sage PublicationsSage CA: Thousand Oaks, CA},
    url = {http://journals.sagepub.com/doi/10.1177/0149206305279113},
    isbn = {0149206305},
    doi = {10.1177/0149206305279113},
    issn = {01492063},
    pmid = {20050640},
    keywords = {Teams, Technology, Virtual, Virtuality}
}

@article{Cascio2000,
    title = {{Managing a virtual workplace.}},
    year = {2000},
    journal = {Academy of Management Perspectives},
    author = {Cascio, Wayne F.},
    number = {3},
    month = {8},
    pages = {81--90},
    volume = {14},
    publisher = {Academy of Management Briarcliff Manor, NY 10510},
    url = {http://journals.aom.org/doi/10.5465/ame.2000.4468068 http://amp.aom.org/cgi/doi/10.5465/AME.2000.4468068},
    isbn = {0896-3789},
    doi = {10.5465/AME.2000.4468068},
    issn = {1558-9080},
    keywords = {COST effectiveness, CUSTOMER relations, CUSTOMER satisfaction, INDUSTRIAL efficiency, INDUSTRIAL productivity, MANAGEMENT science, ORGANIZATIONAL effectiveness, STRATEGIC planning, VIRTUAL corporations, VIRTUAL offices, VIRTUAL work teams, WORK environment}
}

@article{Espinosa2015,
    title = {{Temporal distance, communication patterns, and task performance in teams}},
    year = {2015},
    journal = {Journal of Management Information Systems},
    author = {Espinosa, J. Alberto and Nan, Ning and Carmel, Erran},
    number = {1},
    month = {1},
    pages = {151--191},
    volume = {32},
    publisher = {Routledge},
    url = {http://www.tandfonline.com/doi/full/10.1080/07421222.2015.1029390},
    isbn = {9788578110796},
    doi = {10.1080/07421222.2015.1029390},
    issn = {1557928X},
    pmid = {25246403},
    arxivId = {arXiv:1011.1669v3},
    keywords = {Geographically dispersed teams, Global teams, Team performance, Temporal distance, Time-zone differences, Virtual teams}
}

@article{Jarvenpaa1998,
    title = {{Communication and Trust in Global Virtual Teams}},
    year = {1998},
    journal = {Journal of Computer-Mediated Communication},
    author = {Jarvenpaa, Sirkka L. and Leidner, Dorothy E.},
    number = {6},
    month = {6},
    pages = {791--815},
    volume = {10},
    publisher = {Oxford University Press},
    url = {https://academic.oup.com/jcmc/article/4584374},
    doi = {10.1111/j.1083-6101.1998.tb00080.x},
    issn = {1526-5455}
}

@article{Kayworth2002,
    title = {{Leadership Effectiveness in Global Virtual Teams}},
    year = {2002},
    journal = {Journal of Management Information Systems},
    author = {Kayworth, Timothy R. and Leidner, Dorothy E.},
    number = {3},
    month = {1},
    pages = {7--40},
    volume = {18},
    publisher = {Routledge},
    url = {https://www.tandfonline.com/doi/full/10.1080/07421222.2002.11045697},
    doi = {10.1080/07421222.2002.11045697},
    issn = {0742-1222},
    keywords = {COLLABORATION TECHNOLOGY COMPUTER, MEDIATED COMMUNICATION SYSTEMS COMPUTER, SUPPORTED COOPERATIVE WORK GLOBAL VIRTUAL TEAMS VI}
}

@article{Cramton2001,
    title = {{The Mutual Knowledge Problem and Its Consequences for Dispersed Collaboration}},
    year = {2001},
    journal = {Organization Science},
    author = {Cramton, Catherine Durnell},
    number = {3},
    month = {6},
    pages = {346--371},
    volume = {12},
    publisher = { INFORMS },
    url = {http://pubsonline.informs.org/doi/abs/10.1287/orsc.12.3.346.10098},
    isbn = {1047-7039},
    doi = {10.1287/orsc.12.3.346.10098},
    issn = {1047-7039},
    pmid = {5009458},
    keywords = {Attribution, Cognitive Load, Computer-Mediated Communication, Dispersed Collaboration, Dispersed Teams, Distributed Work, Information Exchange, Information Sharing, Mutual Knowledge, Proximity, Shared Understanding, Systems Dynamics, Virtual Teams}
}

@article{Gilson2015,
    title = {{Virtual Teams Research: 10 Years, 10 Themes, and 10 Opportunities}},
    year = {2015},
    journal = {Journal of Management},
    author = {Gilson, Lucy L. and Maynard, M. Travis and Jones Young, Nicole C. and Vartiainen, Matti and Hakonen, Marko},
    number = {5},
    month = {7},
    pages = {1313--1337},
    volume = {41},
    publisher = {SAGE PublicationsSage CA: Los Angeles, CA},
    url = {http://journals.sagepub.com/doi/10.1177/0149206314559946},
    isbn = {0149-2063},
    doi = {10.1177/0149206314559946},
    issn = {15571211},
    keywords = {group processes, teams, virtual teams, virtuality}
}

@article{Daft1986,
    title = {{Organizational Information Requirements, Media Richness and Structural Design}},
    year = {1986},
    journal = {Management Science},
    author = {Daft, Richard L. and Lengel, Robert H.},
    number = {5},
    month = {5},
    pages = {554--571},
    volume = {32},
    publisher = {INFORMS},
    url = {http://pubsonline.informs.org/doi/abs/10.1287/mnsc.32.5.554},
    isbn = {00251909},
    doi = {10.1287/mnsc.32.5.554},
    issn = {0025-1909},
    pmid = {7020553},
    keywords = {information in organizations, organization structure, structural design}
}

@incollection{Leroy2013,
    title = {{Antecedents of willingness to share information on enterprise social networks}},
    year = {2013},
    booktitle = {Lecture Notes in Information Systems and Organisation},
    author = {Leroy, Paul and Defert, Capucine and Hocquet, Amaury and Goethals, Frank and Maes, Johan},
    pages = {109--117},
    volume = {2},
    publisher = {Springer, Berlin, Heidelberg},
    url = {http://link.springer.com/10.1007/978-3-642-37228-5_11},
    doi = {10.1007/978-3-642-37228-5{\_}11},
    issn = {21954976},
    keywords = {Enterprise social networks, Willingness to share information}
}

@article{Turban2011,
    title = {{Enterprise social networking: Opportunities, adoption, and risk mitigation}},
    year = {2011},
    journal = {Journal of Organizational Computing and Electronic Commerce},
    author = {Turban, Efraim and Bolloju, Narasimha and Liang, Ting Peng},
    number = {3},
    month = {7},
    pages = {202--220},
    volume = {21},
    publisher = {Taylor {\&} Francis Group},
    url = {http://www.tandfonline.com/doi/abs/10.1080/10919392.2011.590109},
    isbn = {10919392},
    doi = {10.1080/10919392.2011.590109},
    issn = {10919392},
    keywords = {Enterprise social networking, Fit-viability analysis, Risk analysis and mitigation, Technology adoption, Web 2.0}
}

@article{Leon2017,
    title = {{Social network analysis: A tool for evaluating and predicting future knowledge flows from an insurance organization}},
    year = {2017},
    journal = {Technological Forecasting and Social Change},
    author = {Leon, Ramona – Diana and Rodr{\'{i}}guez-Rodr{\'{i}}guez, Raúl and G{\'{o}}mez-Gasquet, Pedro and Mula, Josefa},
    month = {1},
    pages = {103--118},
    volume = {114},
    publisher = {North-Holland},
    url = {https://www.sciencedirect.com/science/article/pii/S0040162516301895},
    doi = {10.1016/J.TECHFORE.2016.07.032},
    issn = {0040-1625}
}

@inproceedings{Qi2016,
    title = {{An Empirical Study of the Effect of the Enterprise Social Media Usage an Empirical Study on Organizational Learning}},
    year = {2016},
    booktitle = {Proceedings of the Pacific Asia Conference on Information Systems},
    author = {Qi, Cong and Chau, Patrick Y.K.},
    volume = {330},
    url = {http://aisel.aisnet.org/pacis2016 http://aisel.aisnet.org/pacis2016/330},
    isbn = {9789860491029},
    keywords = {enterprise social networking systems, knowledge, knowledge creation, organizational learning, sharing, social media}
}

@article{Zhang2013a,
    title = {{Explaining Employee Job Performance: The Role of Online and Offline Workplace Communication Networks}},
    year = {2013},
    journal = {MIS Quarterly},
    author = {Zhang, Xiaojun and Venkatesh, Viswanath},
    number = {3},
    pages = {695--722},
    volume = {37},
    url = {http://www.vvenkatesh.com/wp-content/uploads/2015/11/ZhangVenkateshMISQ.pdf https://misq.org/explaining-employee-job-performance-the-role-of-online-and-offline-workplace-communication-networks.html},
    isbn = {0276-7783},
    doi = {10.25300/MISQ/2013/37.3.02},
    issn = {02767783},
    pmid = {11021631},
    arxivId = {arXiv:1612.07771v1},
    keywords = {Online networks, communication networks, complementarity, job performance, offline networks, social networks}
}

@article{Kane2014,
    title = {{What's different about social media networks? A framework and research agenda}},
    year = {2014},
    journal = {MIS Quarterly},
    author = {Kane, Gerald C. and Alavi, Maryam and Labianca, Giuseppe (Joe) and Borgatti, Stephen P},
    number = {1},
    month = {3},
    pages = {275--304},
    volume = {38},
    url = {https://papers.ssrn.com/sol3/papers.cfm?abstract_id=2239249},
    isbn = {9788578110796},
    doi = {10.25300/MISQ/2014/38.1.13},
    issn = {0276-7783},
    pmid = {25246403},
    arxivId = {arXiv:1011.1669v3},
    keywords = {Social media, blog, framework, knowledge management, networks, research agenda, social network analysis, theory, wiki}
}

@article{Korzynski2014,
    title = {{How does online social networking help leaders communicate? Evidence from the Fortune 500}},
    year = {2014},
    journal = {Asia Pacific Journal of Human Resources},
    author = {Korzynski, Pawel},
    number = {4},
    month = {10},
    pages = {460--475},
    volume = {52},
    publisher = {Wiley/Blackwell (10.1111)},
    url = {http://doi.wiley.com/10.1111/1744-7941.12041},
    isbn = {1744-7941},
    doi = {10.1111/1744-7941.12041},
    issn = {17447941},
    keywords = {Communication effectiveness, Internet, Leadership, Online social networking, Organizational culture}
}

@article{Anderson2016,
    title = {{Getting acquainted with social networks and apps: picking up the Slack in communication and collaboration}},
    year = {2016},
    journal = {Library Hi Tech News},
    author = {Anderson, Katie Elson},
    number = {9},
    month = {11},
    pages = {6--9},
    volume = {33},
    url = {http://www.emeraldinsight.com/doi/10.1108/LHTN-10-2016-0049},
    isbn = {0741-9058},
    doi = {10.1108/LHTN-10-2016-0049},
    issn = {0741-9058}
}

@article{Maruping2004,
    title = {{Managing team interpersonal processes through technology: A Task-technology fit perspective}},
    year = {2004},
    journal = {Journal of Applied Psychology},
    author = {Maruping, Likoebe M. and Agarwal, Ritu},
    number = {6},
    pages = {975--990},
    volume = {89},
    isbn = {1939-1854},
    doi = {10.1037/0021-9010.89.6.975},
    issn = {00219010},
    pmid = {15584836}
}

@article{Anders2016TeamPractices,
    title = {{Team Communication Platforms and Emergent Social Collaboration Practices}},
    year = {2016},
    journal = {International Journal of Business Communication},
    author = {Anders, Abram},
    number = {2},
    month = {4},
    pages = {224--261},
    volume = {53},
    publisher = {SAGE PublicationsSage CA: Los Angeles, CA},
    url = {http://journals.sagepub.com/doi/10.1177/2329488415627273},
    doi = {10.1177/2329488415627273},
    issn = {2329-4884},
    keywords = {TCPs, communication visibility, content analysis, multicommunication, polysynchronicity, social collaboration, team communication, team communication platforms}
}